@article{odegua2020predicting,
  title={Predicting bank loan default with extreme gradient boosting},
  author={Odegua, Rising},
  journal={arXiv preprint arXiv:2002.02011},
  year={2020}
}
@article{friedman2001greedy,
  title={Greedy function approximation: a gradient boosting machine},
  author={Friedman, Jerome H},
  journal={Annals of statistics},
  pages={1189--1232},
  year={2001},
  publisher={JSTOR}
}
@inproceedings{kanter2015deep,
  title={Deep feature synthesis: Towards automating data science endeavors},
  author={Kanter, James Max and Veeramachaneni, Kalyan},
  booktitle={2015 IEEE international conference on data science and advanced analytics (DSAA)},
  pages={1--10},
  year={2015},
  organization={IEEE}
}
@Manual{,
  title = {Dask: Library for dynamic task scheduling},
  author = {{Dask Development Team}},
  year = {2016},
  url = {http://dask.pydata.org},
}
@book{RussellNorvig2020,
  title = {Artificial Intelligence: A Modern Approach (4th Edition)},
  author = {Stuart J. Russell and Peter Norvig},
  year = {2020},
  url = {http://aima.cs.berkeley.edu/},
  researchr = {https://researchr.org/publication/RN2020},
  cites = {0},
  citedby = {0},
  publisher = {Pearson},
  isbn = {9781292401133},
}
@misc{nielse2018nneural,
  added-at = {2019-01-15T22:46:49.000+0100},
  author = {Nielsen, Michael A.},
  title = {Neural Networks and Deep Learning},
  type = {misc},
  url = {http://neuralnetworksanddeeplearning.com/},
  year = 2018
}
@article{chawla2002smote,
  title={SMOTE: synthetic minority over-sampling technique},
  author={Chawla, Nitesh V and Bowyer, Kevin W and Hall, Lawrence O and Kegelmeyer, W Philip},
  journal={Journal of artificial intelligence research},
  volume={16},
  pages={321--357},
  year={2002}
}
@article{breiman2001random,
  title={Random forests},
  author={Breiman, Leo},
  journal={Machine learning},
  volume={45},
  pages={5--32},
  year={2001},
  publisher={Springer}
}
@article{scholkopf1999support,
  title={Support vector method for novelty detection},
  author={Sch{\"o}lkopf, Bernhard and Williamson, Robert C and Smola, Alex and Shawe-Taylor, John and Platt, John},
  journal={Advances in neural information processing systems},
  volume={12},
  year={1999}
}
@misc{gunay2023random,
  author = {Deniz Gunay},
  title = {Random Forest},
  year = {2023},
  url = {https://medium.com/@denizgunay/random-forest-af5bde5d7e1e},
  note = {Accessed: 2024-05-29}
}
@misc{geeksforgeeks2023gradient,
  author = {GeeksForGeeks},
  title = {ML | Gradient Boosting},
  year = {2023},
  url = {https://www.geeksforgeeks.org/ml-gradient-boosting/},
  note = {Accessed: 2024-05-29}
}
